@inproceedings{landsiedel2005accurate,
  title={Accurate prediction of power consumption in sensor networks},
  author={Landsiedel, Olaf and Wehrle, Klaus and Gotz, Stefan},
  booktitle={The Second IEEE Workshop on Embedded Networked Sensors, 2005. EmNetS-II.},
  pages={37--44},
  year={2005},
  organization={IEEE}
}

@inproceedings{salam2018comparison,
  title={Comparison of machine learning algorithms for the power consumption prediction:-case study of tetouan city--},
  author={Salam, Abdulwahed and El Hibaoui, Abdelaaziz},
  booktitle={2018 6th International Renewable and Sustainable Energy Conference (IRSEC)},
  pages={1--5},
  year={2018},
  organization={IEEE}
}

@article{ullah2019short,
  title={Short-term prediction of residential power energy consumption via CNN and multi-layer bi-directional LSTM networks},
  author={Ullah, Fath U Min and Ullah, Amin and Haq, Ijaz Ul and Rho, Seungmin and Baik, Sung Wook},
  journal={IEEE Access},
  volume={8},
  pages={123369--123380},
  year={2019},
  publisher={IEEE}
}

@article{khashei2019comparative,
  title={A comparative study of series arima/mlp hybrid models for stock price forecasting},
  author={Khashei, Mehdi and Hajirahimi, Zahra},
  journal={Communications in Statistics-Simulation and Computation},
  volume={48},
  number={9},
  pages={2625--2640},
  year={2019},
  publisher={Taylor \& Francis}
}

@article{rezaeian2012mlp,
  title={MLP-based drought forecasting in different climatic regions},
  author={Rezaeian-Zadeh, Mehdi and Tabari, Hossein},
  journal={Theoretical and Applied Climatology},
  volume={109},
  pages={407--414},
  year={2012},
  publisher={Springer}
}

@article{ahn2022prediction,
  title={Prediction of building power consumption using transfer learning-based reference building and simulation dataset},
  author={Ahn, Yusun and Kim, Byungseon Sean},
  journal={Energy and Buildings},
  volume={258},
  pages={111717},
  year={2022},
  publisher={Elsevier}
}

@article{ebrahimpour2011mixture,
  title={Mixture of MLP-experts for trend forecasting of time series: A case study of the Tehran stock exchange},
  author={Ebrahimpour, Reza and Nikoo, Hossein and Masoudnia, Saeed and Yousefi, Mohammad Reza and Ghaemi, Mohammad Sajjad},
  journal={International Journal of Forecasting},
  volume={27},
  number={3},
  pages={804--816},
  year={2011},
  publisher={Elsevier}
}